<?xml version="1.0" encoding="UTF-8"?>
<SOAP-ENV:Envelope xmlns:SOAP-ENV="http://schemas.xmlsoap.org/soap/envelope/" xmlns:of="http://oss.dbc.dk/ns/openformat" xmlns:ofo="http://oss.dbc.dk/ns/openformatoutput"><SOAP-ENV:Body><of:formatResponse><marc:record xmlns:marc="http://www.loc.gov/MARC21/slim"><leader>00000nam a22000000c 4500</leader><controlfield tag="001">870970:25797140</controlfield><controlfield tag="003">DKDLA</controlfield><controlfield tag="005">20100406155605.0</controlfield><controlfield tag="007">ta</controlfield><controlfield tag="008">050615s2005    dk |||||| ||| 00||uadan||</controlfield><datafield ind1="1" ind2=" " tag="100"><subfield code="a">Junge, Traudl</subfield></datafield><datafield ind1=" " ind2="0" tag="245"><subfield code="a">Til den bitre ende :</subfield><subfield code="b">Hitlers sekretær fortæller om sit liv</subfield></datafield><datafield ind1=" " ind2=" " tag="250"><subfield code="a">3. udgave</subfield></datafield><datafield ind1=" " ind2=" " tag="260"><subfield code="b">Satellit,</subfield><subfield code="c">2005</subfield></datafield><datafield ind1=" " ind2=" " tag="300"><subfield code="a">255 sider, tavler</subfield></datafield><datafield ind1="1" ind2=" " tag="700"><subfield code="a">Müller, Melissa</subfield></datafield></marc:record></of:formatResponse></SOAP-ENV:Body></SOAP-ENV:Envelope>
